@article{dojer2016learning,
  title={Learning Bayesian networks from datasets joining continuous and discrete variables},
  author={Dojer, Norbert},
  journal={International Journal of Approximate Reasoning},
  volume={78},
  pages={116--124},
  year={2016},
  publisher={Elsevier}
}

@article{entner2010causal,
  title={On causal discovery from time series data using FCI},
  author={Entner, Doris and Hoyer, Patrik O},
  journal={Probabilistic graphical models},
  volume={16},
  year={2010}
}

@article{forre2018constraint,
  title={Constraint-based causal discovery for non-linear structural causal models with cycles and latent confounders},
  author={Forr{\'e}, Patrick and Mooij, Joris M},
  journal={arXiv preprint arXiv:1807.03024},
  year={2018}
}

@article{howlett2001radial,
  title={Radial basis function networks 1: recent developments in theory and applications},
  author={Howlett, Robert J},
  year={2001},
  publisher={Springer Science \& Business Media}
}

@article{hyttinen2012learning,
  title={Learning linear cyclic causal models with latent variables},
  author={Hyttinen, Antti and Eberhardt, Frederick and Hoyer, Patrik O},
  journal={The Journal of Machine Learning Research},
  volume={13},
  number={1},
  pages={3387--3439},
  year={2012},
  publisher={JMLR. org}
}

@article{lindsay2000moment,
  title={Moment-based approximations of distributions using mixtures: Theory and applications},
  author={Lindsay, Bruce G and Pilla, Ramani S and Basak, Prasanta},
  journal={Annals of the Institute of Statistical Mathematics},
  volume={52},
  pages={215--230},
  year={2000},
  publisher={Springer}
}

@inproceedings{mooij2020constraint,
  title={Constraint-based causal discovery using partial ancestral graphs in the presence of cycles},
  author={Mooij, Joris M and Claassen, Tom},
  booktitle={Conference on Uncertainty in Artificial Intelligence},
  pages={1159--1168},
  year={2020},
  organization={Pmlr}
}

@book{neapolitan2004learning,
  title={Learning bayesian networks},
  author={Neapolitan, Richard E and others},
  volume={38},
  year={2004},
  publisher={Pearson Prentice Hall Upper Saddle River}
}

@article{park2024discovering,
  title={Discovering cyclic causal models in psychological research},
  author={Park, Kyuri and Waldorp, Lourens J and Ryan, Ois\'{i}n},
  journal={advances. in/psychology},
  volume={2},
  pages={e72425},
  year={2024},
  publisher={Advances. in}
}

@InProceedings{rohbeck2024,
  title = 	 {Bicycle: Intervention-Based Causal Discovery with Cycles},
  author =       {Rohbeck, Martin and Clarke, Brian and Mikulik, Katharina and Pettet, Alexandra and Stegle, Oliver and Ueltzh\"offer, Kai},
  booktitle = 	 {Proceedings of the Third Conference on Causal Learning and Reasoning},
  pages = 	 {209--242},
  year = 	 {2024},
  editor = 	 {Locatello, Francesco and Didelez, Vanessa},
  volume = 	 {236},
  series = 	 {Proceedings of Machine Learning Research},
  month = 	 {01--03 Apr},
  publisher =    {PMLR},
  pdf = 	 {https://proceedings.mlr.press/v236/rohbeck24a/rohbeck24a.pdf},
  url = 	 {https://proceedings.mlr.press/v236/rohbeck24a.html}
}

@article{runge2019detecting,
  title={Detecting and quantifying causal associations in large nonlinear time series datasets},
  author={Runge, Jakob and Nowack, Peer and Kretschmer, Marlene and Flaxman, Seth and Sejdinovic, Dino},
  journal={Science advances},
  volume={5},
  number={11},
  pages={eaau4996},
  year={2019},
  publisher={American Association for the Advancement of Science}
}

@inproceedings{sethuraman2023nodags,
  title={NODAGS-Flow: Nonlinear cyclic causal structure learning},
  author={Sethuraman, Muralikrishnna G and Lopez, Romain and Mohan, Rahul and Fekri, Faramarz and Biancalani, Tommaso and H{\"u}tter, Jan-Christian},
  booktitle={International Conference on Artificial Intelligence and Statistics},
  pages={6371--6387},
  year={2023},
  organization={PMLR}
}

@book{spirtes2001causation,
  title={Causation, prediction, and search},
  author={Spirtes, Peter and Glymour, Clark and Scheines, Richard},
  year={2001},
  publisher={MIT press}
}

@inproceedings{spirtes_causal_1995,
	author = {Spirtes, Peter and Meek, Christopher and Richardson, Thomas},
	booktitle = {Proceedings of the {Eleventh} conference on {Uncertainty} in artificial intelligence},
	pages = {499--506},
	publisher = {Morgan Kaufmann},
	series = {{UAI}'95},
	title = {Causal inference in the presence of latent variables and selection bias},
	year = {1995}}


@article{snijder2017cohort,
  title={Cohort profile: the healthy life in an urban setting (HELIUS) study in Amsterdam, the Netherlands},
  author={Snijder, Marieke B and Galenkamp, Henrike and Prins, Maria and Derks, Eske M and Peters, Ron JG and Zwinderman, Aeilko H and Stronks, Karien},
  journal={BMJ open},
  volume={7},
  number={12},
  pages={e017873},
  year={2017},
  publisher={British Medical Journal Publishing Group}
}

@article{strobl2019,
	title = {A constraint-based algorithm for causal discovery with cycles, latent variables and selection bias},
	volume = {8},
	issn = {2364-4168},
	doi = {10.1007/s41060-018-0158-2},
	number = {1},
	journal = {International Journal of Data Science and Analytics},
	author = {Strobl, Eric V.},
	year = {2019},
	pages = {33--56}
}

@article{strobl2019approximate,
  title={Approximate kernel-based conditional independence tests for fast non-parametric causal discovery},
  author={Strobl, Eric V and Zhang, Kun and Visweswaran, Shyam},
  journal={Journal of Causal Inference},
  volume={7},
  number={1},
  pages={20180017},
  year={2019},
  publisher={De Gruyter}
}

@article{zhang2012kernel,
  title={Kernel-based conditional independence test and application in causal discovery},
  author={Zhang, Kun and Peters, Jonas and Janzing, Dominik and Sch{\"o}lkopf, Bernhard},
  journal={arXiv preprint arXiv:1202.3775},
  year={2012}
}